<record><leader>00000cas a2200000 a 4500</leader><controlfield tag="001">40222883</controlfield><controlfield tag="008">981103d19061930cauwr ne      0    0eng c</controlfield><datafield ind1=" " ind2=" " tag="010"><subfield code="a">sn 98061902 </subfield></datafield><datafield ind1=" " ind2=" " tag="040"><subfield code="a">CNK</subfield><subfield code="b">eng</subfield><subfield code="c">CNK</subfield><subfield code="d">OCLCQ</subfield><subfield code="d">CNK</subfield><subfield code="d">OCLCQ</subfield><subfield code="d">OCLCF</subfield><subfield code="d">OCLCO</subfield></datafield><datafield ind1="1" ind2=" " tag="029"><subfield code="a">AU@</subfield><subfield code="b">000024787161</subfield></datafield><datafield ind1=" " ind2=" " tag="042"><subfield code="a">pcc</subfield></datafield><datafield ind1=" " ind2=" " tag="043"><subfield code="a">n-us-ca</subfield></datafield><datafield ind1="0" ind2=" " tag="130"><subfield code="a">Morgan Hill times (Morgan Hill, Calif. : 1906)</subfield></datafield><datafield ind1="1" ind2="0" tag="245"><subfield code="a">Morgan Hill times.</subfield></datafield><datafield ind1=" " ind2=" " tag="260"><subfield code="a">Morgan Hill, Santa Clara County, Calif. :</subfield><subfield code="b">M.M. Gilchrist</subfield></datafield><datafield ind1=" " ind2=" " tag="300"><subfield code="a">v.</subfield></datafield><datafield ind1=" " ind2=" " tag="310"><subfield code="a">Weekly</subfield></datafield><datafield ind1="1" ind2=" " tag="362"><subfield code="a">Began in 1906.</subfield></datafield><datafield ind1="0" ind2=" " tag="362"><subfield code="a">-v. 31, no. 52 (May 8, 1930).</subfield></datafield><datafield ind1=" " ind2=" " tag="530"><subfield code="a">Master negatives are available for duplication from:</subfield><subfield code="b">California Newspaper Microfilm Archive;</subfield><subfield code="c">positive copies may be purchased by the reel; for further information consult the CNMA at:</subfield><subfield code="u">http://cbsr.ucr.edu</subfield></datafield><datafield ind1=" " ind2=" " tag="588"><subfield code="a">Description based on: Vol. 8, no. 22 (Oct. 19, 1906).</subfield></datafield><datafield ind1=" " ind2="0" tag="651"><subfield code="a">Morgan Hill (Calif.)</subfield><subfield code="v">Newspapers.</subfield></datafield><datafield ind1=" " ind2="7" tag="655"><subfield code="a">Newspapers.</subfield><subfield code="2">fast</subfield><subfield code="0">(OCoLC)fst01423814</subfield></datafield><datafield ind1=" " ind2="7" tag="651"><subfield code="a">California</subfield><subfield code="z">Morgan Hill.</subfield><subfield code="2">fast</subfield><subfield code="0">(OCoLC)fst01215509</subfield></datafield><datafield ind1=" " ind2=" " tag="752"><subfield code="a">United States</subfield><subfield code="b">California</subfield><subfield code="c">Santa Clara</subfield><subfield code="d">Morgan Hill.</subfield></datafield><datafield ind1="0" ind2="0" tag="780"><subfield code="t">Sun-times (Morgan Hill, Calif.)</subfield><subfield code="w">(DLC)sn 96061055</subfield></datafield><datafield ind1="0" ind2="0" tag="785"><subfield code="t">Morgan Hill times and San Martin news (Morgan Hill, Calif. : 1930)</subfield><subfield code="w">(DLC)sn 98061903</subfield></datafield></record>